%% =============================================================================
%% ATLAS refs
%% =============================================================================

%% -----------------------------------------------------------------------------
%% Used in Thesis
%% -----------------------------------------------------------------------------

%% -----------------------------------------------------------------------------
%% Not Used in Thesis
%% -----------------------------------------------------------------------------

@book{1999.ATLAS.Physics-TDR,
    author       = "",
    collaboration  = "{ATLAS}",
    title        = "{ATLAS} detector and physics performance: Technical Design Report",
    publisher    = "CERN",
    address      = "Geneva",
    year         = "1999",
    howpublished = "{ATLAS-TDR-014, CERN/LHCC 99-14}",
}

@article{ATLAS,
  author        = "{ATLAS Collaboration}",
  collaboration = "ATLAS",
  year          = {2008},
  title         = {The ATLAS Experiment at the CERN Large Hadron Collider},
  volume        = {3},
  journal       = {JINST},
  doi           = {doi:10.1088/1748-0221/3/08/S08003}
}

