%% =============================================================================
%% ATLAS MET
%% =============================================================================

%% -----------------------------------------------------------------------------
%% Used in Thesis
%% -----------------------------------------------------------------------------

%% -----------------------------------------------------------------------------
%% Not Used in Thesis
%% -----------------------------------------------------------------------------

@article{ATLAS-CONF-2013-082,
  author       = "{ATLAS Collaboration}",
  title        = "{Performance of Missing Transverse Momentum Reconstruction in
                   ATLAS Studied in Proton-Proton Collisions Recorded in 2012
                   at 8 TeV}",
  year         = "2013",
  journal      = "Report No. ATLAS-CONF-2013-082",
  url          = "https://cds.cern.ch/record/1570993",
  SLACcitation = "%%CITATION = ATLAS-CONF-2013-082 ETC.;%%",
}

@article{Aad:2012re,
  author        = "{ATLAS Collaboration}",
  title         = "{Performance of Missing Transverse Momentum Reconstruction
                    in Proton-Proton Collisions at 7 TeV with ATLAS}",
  collaboration = "ATLAS",
  journal       = "Eur. Phys. J. C",
  volume        = "72",
  pages         = "1844",
  doi           = " ",
  year          = "2012",
  eprint        = "1108.5602",
  archivePrefix = "arXiv",
  primaryClass  = "hep-ex"
}

