%% =============================================================================
%% ATLAS jets
%% =============================================================================

%% -----------------------------------------------------------------------------
%% Used in Thesis
%% -----------------------------------------------------------------------------
@article{JES,
  author         = "{ATLAS Collaboration}",
  title          = "{Jet Energy Measurement with the ATLAS Detector in
                     Proton-Proton Collisions at $\sqrt{s}=7$ TeV}",
  collaboration  = "ATLAS",
  journal        = "Eur. Phys. J.",
  volume         = "C 73",
  pages          = "2304",
  doi            = "10.1140/epjc/s10052-013-2304-2",
  year           = "2013",
  eprint         = "1112.6426",
  archivePrefix  = "arXiv",
  primaryClass   = "hep-ex",
  reportNumber   = "CERN-PH-EP-2011-191",
  SLACcitation   = "%%CITATION = ARXIV:1112.6426;%%",
}

@article{JER,
  author         = "{ATLAS Collaboration}",
  title          = "{Jet Energy Resolution and Selection Efficiency Relative to
                     Track Jets from In-Situ Techniques with the ATLAS Detector
                     Using Proton-Proton Collisions at a Center of Mass Energy
                     $\sqrt{s}$ = 7 TeV}",
  collaboration  = "ATLAS",
  year           = "2010",
  journal        = "Report No. ATLAS-CONF-2010-054",
  url            = "https://cds.cern.ch/record/1281311",
  SLACcitation   = "%%CITATION = ATLAS-CONF-2010-054 ETC.;%%",
}


%% -----------------------------------------------------------------------------
%% Not Used in Thesis
%% -----------------------------------------------------------------------------

@article{JES2,
  author         = "{ATLAS Collaboration}",
  title          = "{Single Hadron Response Measurement and Calorimeter Jet
                     Energy Scale Uncertainty with the ATLAS Detector at the
                     LHC}",
  collaboration  = "ATLAS",
  journal        = "Eur.Phys.J.",
  number         = "3",
  volume         = "C73",
  pages          = "2305",
  doi            = "10.1140/epjc/s10052-013-2305-1",
  year           = "2013",
  eprint         = "1203.1302",
  archivePrefix  = "arXiv",
  primaryClass   = "hep-ex",
  reportNumber   = "CERN-PH-EP-2012-005",
  SLACcitation   = "%%CITATION = ARXIV:1203.1302;%%",
}

@article{ATLAS-CONF-2014-004,
  author        = "{ATLAS Collaboration}",
  title         = "{Calibration of $b$-Tagging Using Dileptonic Top Pair Events
                    in a Combinatorial Likelihood Approach with the ATLAS
                    Experiment}",
  year          = "2014",
  journal       = "Report No. ATLAS-CONF-2014-004",
  url           = "https://cds.cern.ch/record/1664335",
  SLACcitation  = "%%CITATION = ATLAS-CONF-2014-004 ETC.;%%",
}

@article{ATLAS-CONF-2014-046,
  author        = "{ATLAS Collaboration}",
  title         = "{Calibration of the Performance of $b$-Tagging for $c$ and
                    Light-Flavour Jets in the 2012 ATLAS Data}",
  year          = "2014",
  journal       = "Report No. ATLAS-CONF-2014-046",
  url           = "https://cds.cern.ch/record/1741020",
  SLACcitation  = "%%CITATION = ATLAS-CONF-2014-046 ETC.;%%",
}

