%% =============================================================================
%% ATLAS SM refs
%% =============================================================================

%% -----------------------------------------------------------------------------
%% Used in Thesis
%% -----------------------------------------------------------------------------
@article{Aad:2013ysa,
      author         = "{ATLAS Collaboration}",
      title          = "{Measurement of the production cross section of jets in
                        association with a Z boson in pp collisions at $\sqrt{s}$
                        = 7 TeV with the ATLAS detector}",
      collaboration  = "ATLAS",
      journal        = "JHEP",
      volume         = "1307",
      pages          = "032",
      doi            = "10.1007/JHEP07(2013)032",
      year           = "2013",
      eprint         = "1304.7098",
      archivePrefix  = "arXiv",
      primaryClass   = "hep-ex",
      reportNumber   = "CERN-PH-EP-2013-023",
      SLACcitation   = "%%CITATION = ARXIV:1304.7098;%%",
}

@article{Aad:2014dvb,
      author         = "{ATLAS Collaboration}",
      title          = "{Measurement of differential production cross-sections
                        for a $Z$ boson in association with $b$-jets in 7 TeV
                        proton-proton collisions with the ATLAS detector}",
      collaboration  = "ATLAS",
      journal        = "JHEP",
      volume         = "1410",
      pages          = "141",
      doi            = "10.1007/JHEP10(2014)141",
      year           = "2014",
      eprint         = "1407.3643",
      archivePrefix  = "arXiv",
      primaryClass   = "hep-ex",
      reportNumber   = "CERN-PH-EP-2014-118",
      SLACcitation   = "%%CITATION = ARXIV:1407.3643;%%",
}


%% -----------------------------------------------------------------------------
%% Not Used in Thesis
%% -----------------------------------------------------------------------------

