%% =============================================================================
%% ATLAS lumi
%% =============================================================================

%% -----------------------------------------------------------------------------
%% Used in Thesis
%% -----------------------------------------------------------------------------

@article{Lumi,
  author         = "{ATLAS Collaboration}",
  title          = "{Improved Luminosity Determination in $pp$ Collisions at
                     $\sqrt{s}$ = 7 TeV Using the ATLAS Detector at the LHC}",
  collaboration  = "ATLAS",
  journal        = "Eur. Phys. J.",
  number         = "8",
  volume         = "C73",
  pages          = "2518",
  doi            = "10.1140/epjc/s10052-013-2518-3",
  year           = "2013",
  eprint         = "1302.4393",
  archivePrefix  = "arXiv",
  primaryClass   = "hep-ex",
  reportNumber   = "CERN-PH-EP-2013-026",
  SLACcitation   = "%%CITATION = ARXIV:1302.4393;%%",
}

%% -----------------------------------------------------------------------------
%% Not Used in Thesis
%% -----------------------------------------------------------------------------

