%% =============================================================================
%% ATLAS egamma
%% =============================================================================

%% -----------------------------------------------------------------------------
%% Used in Thesis
%% -----------------------------------------------------------------------------
@article{egamma2014,
  author         = "{ATLAS Collaboration}",
  title          = "{Electron and photon energy calibration with the ATLAS
                     detector using LHC Run 1 data}",
  collaboration  = "ATLAS",
  journal        = "Eur. Phys. J.",
  number         = "10",
  volume         = "C74",
  pages          = "3071",
  doi            = "10.1140/epjc/s10052-014-3071-4",
  year           = "2014",
  eprint         = "1407.5063",
  archivePrefix  = "arXiv",
  primaryClass   = "hep-ex",
  reportNumber   = "CERN-PH-EP-2014-153",
  SLACcitation   = "%%CITATION = ARXIV:1407.5063;%%",
}

%% -----------------------------------------------------------------------------
%% Not Used in Thesis
%% -----------------------------------------------------------------------------

