%% =============================================================================
%% ATLAS muons
%% =============================================================================

%% -----------------------------------------------------------------------------
%% Used in Thesis
%% -----------------------------------------------------------------------------
@article{Aad:2014rra,
  author         = "{ATLAS Collaboration}",
  title          = "{Measurement of the Muon Reconstruction Performance of the
                     ATLAS Detector Using 2011 and 2012 LHC Proton-Proton
                     Collision Data}",
  collaboration  = "ATLAS",
  journal        = "Eur. Phys. J.",
  number         = "11",
  volume         = "C74",
  pages          = "3130",
  doi            = "10.1140/epjc/s10052-014-3130-x",
  year           = "2014",
  eprint         = "1407.3935",
  archivePrefix  = "arXiv",
  primaryClass   = "hep-ex",
  reportNumber   = "CERN-PH-EP-2014-151",
  SLACcitation   = "%%CITATION = ARXIV:1407.3935;%%",
}

@article{Aad:2014rra,
      author         = "{ATLAS Collaboration}",
      title          = "{Measurement of the muon reconstruction performance of
                        the ATLAS detector using 2011 and 2012 LHC protonâ€“proton
                        collision data}",
      collaboration  = "ATLAS",
      journal        = "Eur. Phys. J.",
      number         = "11",
      volume         = "C74",
      pages          = "3130",
      doi            = "10.1140/epjc/s10052-014-3130-x",
      year           = "2014",
      eprint         = "1407.3935",
      archivePrefix  = "arXiv",
      primaryClass   = "hep-ex",
      reportNumber   = "CERN-PH-EP-2014-151",
      SLACcitation   = "%%CITATION = ARXIV:1407.3935;%%",
}



%% -----------------------------------------------------------------------------
%% Not Used in Thesis
%% -----------------------------------------------------------------------------

