%% =============================================================================
%% Jets 
%% =============================================================================

%% -----------------------------------------------------------------------------
%% Used in Thesis
%% -----------------------------------------------------------------------------

%% -----------------------------------------------------------------------------
%% Not Used in Thesis
%% -----------------------------------------------------------------------------

@article{Cacciari:2008gp,
  author        = "Cacciari, Matteo and Salam, Gavin P. and Soyez, Gregory",
  title         = "{The Anti-$k_t$ Jet Clustering Algorithm}",
  journal       = "J. High Energy Phys.",
  volume        = "04",
  year          = "2008",
  pages         = "063",
  eprint        = "0802.1189",
  archivePrefix = "arXiv",
  primaryClass  =  "hep-ph",
  doi           = "10.1088/1126-6708/2008/04/063",
  SLACcitation  = "%%CITATION = 0802.1189;%%"
}

@article{Cacciari:2005hq,
  author        = "Cacciari, Matteo and Salam, Gavin P.",
  title         = "{Dispelling the $N^{3}$ Myth for the $k_t$ Jet-Finder}",
  journal       = "Phys. Lett. B",
  volume        = "641",
  year          = "2006",
  pages         = "57-61",
  eprint        = "hep-ph/0512210",
  archivePrefix = "arXiv",
  doi           = "10.1016/j.physletb.2006.08.037",
  SLACcitation  = "%%CITATION = HEP-PH/0512210;%%"
}

@article{Cacciari:2007fd,
  author         = "Cacciari, Matteo and Salam, Gavin P.",
  title          = "{Pileup Subtraction Using Jet Areas}",
  journal        = "Phys. Lett.",
  volume         = "B659",
  pages          = "119-126",
  doi            = "10.1016/j.physletb.2007.09.077",
  year           = "2008",
  eprint         = "0707.1378",
  archivePrefix  = "arXiv",
  primaryClass   = "hep-ph",
  reportNumber   = "LPTHE-07-01",
  SLACcitation   = "%%CITATION = ARXIV:0707.1378;%%",
}

