%% =============================================================================
%% leptoquark searches from ATLAS and CMS
%% =============================================================================

%% -----------------------------------------------------------------------------
%% Used in Thesis
%% -----------------------------------------------------------------------------

@article{ATLAS:2013oea,
  author         = "{ATLAS Collaboration}",
  title          = "{Search for Third Generation Scalar Leptoquarks in $pp$
                     Collisions at $\sqrt{s}$ = 7 TeV with the ATLAS Detector}",
  collaboration  = "ATLAS",
  journal        = "J. High Energy Phys.",
  volume         = "1306",
  pages          = "033",
  doi            = "10.1007/JHEP06(2013)033",
  year           = "2013",
  eprint         = "1303.0526",
  archivePrefix  = "arXiv",
  primaryClass   = "hep-ex",
  reportNumber   = "CERN-PH-EP-2012-317",
  SLACcitation   = "%%CITATION = ARXIV:1303.0526;%%",
}

%% -----------------------------------------------------------------------------
%% Not Used in Thesis
%% -----------------------------------------------------------------------------

@article{ATLAS:2012aq,
  author         = "{ATLAS Collaboration}",
  title          = "{Search for Second Generation Scalar Leptoquarks in $pp$
                     Collisions at $\sqrt{s}=7$ TeV with the ATLAS Detector}",
  collaboration  = "ATLAS",
  journal        = "Eur. Phys. J.",
  volume         = "C72",
  pages          = "2151",
  doi            = "10.1140/epjc/s10052-012-2151-6",
  year           = "2012",
  eprint         = "1203.3172",
  archivePrefix  = "arXiv",
  primaryClass   = "hep-ex",
  reportNumber   = "CERN-PH-EP-2012-056",
  SLACcitation   = "%%CITATION = ARXIV:1203.3172;%%",
}

@article{Aad:2011ch,
  author         = "{ATLAS Collaboration}",
  title          = "{Search for First Generation Scalar Leptoquarks in $pp$
                     Collisions at $\sqrt{s}=7$ TeV with the ATLAS Detector}",
  collaboration  = "ATLAS",
  journal        = "Phys. Lett.",
  volume         = "B709",
  pages          = "158-176",
  doi            = "10.1016/j.physletb.2012.03.023,
  10.1016/j.physletb.2012.02.004",
  year           = "2012",
  eprint         = "1112.4828",
  archivePrefix  = "arXiv",
  primaryClass   = "hep-ex",
  reportNumber   = "CERN-PH-EP-2011-202",
  SLACcitation   = "%%CITATION = ARXIV:1112.4828;%%",
}

@article{Aad:2011uv,
  author         = "{ATLAS Collaboration}",
  title          = "{Search for Pair Production of First or Second Generation
                     Leptoquarks in Proton-Proton Collisions at $\sqrt{s}=7$
                     TeV Using the ATLAS Detector at the LHC}",
  collaboration  = "ATLAS",
  journal        = "Phys. Rev.",
  volume         = "D83",
  pages          = "112006",
  doi            = "10.1103/PhysRevD.83.112006",
  year           = "2011",
  eprint         = "1104.4481",
  archivePrefix  = "arXiv",
  primaryClass   = "hep-ex",
  reportNumber   = "CERN-PH-EP-2011-050",
  SLACcitation   = "%%CITATION = ARXIV:1104.4481;%%",
}

@article{Khachatryan:2014ura,
  author         = "{CMS Collaboration}",
  title          = "{Search for Pair Production of Third-Generation Scalar
                     Leptoquarks and Top Squarks in Proton-Proton Collisions
                     at $\sqrt{s}$ = 8 TeV}",
  collaboration  = "CMS",
  journal        = "Phys. Lett.",
  volume         = "B739",
  pages          = "229",
  doi            = "10.1016/j.physletb.2014.10.063",
  year           = "2014",
  eprint         = "1408.0806",
  archivePrefix  = "arXiv",
  primaryClass   = "hep-ex",
  reportNumber   = "CMS-EXO-12-032, CERN-PH-EP-2014-190",
  SLACcitation   = "%%CITATION = ARXIV:1408.0806;%%",
}

@article{CMS:2014qpa,
  author         = "{CMS Collaboration}",
  title          = "{Search for Pair-production of First Generation Scalar
                     Leptoquarks in $pp$ Collisions at $\sqrt{s}$ = 8 TeV}",
  collaboration  = "CMS",
  year           = "2014",
  journal        = "Report No. CMS-PAS-EXO-12-041",
  url            = "https://cds.cern.ch/record/1742179",
  SLACcitation   = "%%CITATION = CMS-PAS-EXO-12-041 ETC.;%%",
}

@article{Chatrchyan:2012sv,
  author         = "{CMS Collaboration}",
  title          = "{Search for Pair Production of Third-Generation Leptoquarks
                     and Top Squarks in $pp$ Collisions at $\sqrt{s}=7$ TeV}",
  collaboration  = "CMS",
  journal        = "Phys. Rev. Lett.",
  number         = "8",
  volume         = "110",
  pages          = "081801",
  doi            = "10.1103/PhysRevLett.110.081801",
  year           = "2013",
  eprint         = "1210.5629",
  archivePrefix  = "arXiv",
  primaryClass   = "hep-ex",
  reportNumber   = "CMS-EXO-12-002, CERN-PH-EP-2012-299",
  SLACcitation   = "%%CITATION = ARXIV:1210.5629;%%",
}

@article{Chatrchyan:2012vza,
  author         = "{CMS Collaboration}",
  title          = "{Search for Pair Production of First- and Second-Generation
                     Scalar Leptoquarks in $pp$ Collisions at $\sqrt{s}= 7$
                     TeV}",
  collaboration  = "CMS",
  journal        = "Phys. Rev.",
  volume         = "D86",
  pages          = "052013",
  doi            = "10.1103/PhysRevD.86.052013",
  year           = "2012",
  eprint         = "1207.5406",
  archivePrefix  = "arXiv",
  primaryClass   = "hep-ex",
  reportNumber   = "CMS-EXO-11-028, CERN-PH-EP-2012-193",
  SLACcitation   = "%%CITATION = ARXIV:1207.5406;%%",
}


