%% =============================================================================
%% LHC refs
%% =============================================================================

%% -----------------------------------------------------------------------------
%% Used in Thesis
%% -----------------------------------------------------------------------------
@misc{lhc_aerial,
      collaboration = "ATLAS",
      title         = "ATLAS Photos",
      institution   = "CERN",
      address       = "Geneva",
      howpublished  = "\href{http://www.atlas.ch/photos/detector-site-surface.html}{Detector Site, Surface}",
      year          = "2015",
}

@article{Marcastel:1621583,
      author        = "Marcastel, Fabienne",
      title         = "{CERN's Accelerator Complex. La chaîne des
                       accélérateurs du CERN}",
      month         = "Oct",
      year          = "2013",
      reportNumber  = "OPEN-PHO-CHART-2013-001",
      url           = "https://cds.cern.ch/record/1621583",
      note          = "General Photo",
}

@unpublished{Pequenao:1095924,
      author        = "Joao Pequenao",
      title         = "{Computer generated image of the whole ATLAS detector}",
      month         = "Mar",
      year          = "2008",
      reportNumber  = "CERN-GE-0803012",
      url           = "http://cds.cern.ch/record/1095924",
}

@unpublished{Pequenao:1505342,
      author        = "Joao Pequenao and Paul Schaffner",
      title         = "{An computer generated image representing how ATLAS
                       detects particles}",
      month         = "Jan",
      year          = "2013",
      reportNumber  = "CERN-EX-1301009",
      url           = "https://cds.cern.ch/record/1505342",
}

@unpublished{Pequenao:1095926,
      author        = "Joao Pequenao",
      title         = "{Computer generated image of the ATLAS inner detector}",
      month         = "Mar",
      year          = "2008",
      reportNumber  = "CERN-GE-0803014",
      url           = "http://cds.cern.ch/record/1095926",
}

@unpublished{Pequenao:1095925,
      author        = "Joao Pequenao",
      title         = "{Computer generated images of the Pixel, part of the ATLAS
                       inner detector.}",
      month         = "Mar",
      year          = "2008",
      reportNumber  = "CERN-GE-0803013",
      url           = "http://cds.cern.ch/record/1095925",
}

@unpublished{Maximilien:883305,
      author        = "Maximilien Brice",
      title         = "{Vue divers du sub-detector Silicon Tracker de
                       l'expérience Atlas}",
      month         = "Sep",
      year          = "2005",
      reportNumber  = "CERN-EX-0509006",
      url           = "http://cds.cern.ch/record/883305",
}

@unpublished{Maximilien:889555,
      author        = "Maximilien Brice",
      title         = "{ATLAS Experiment - View of the inner detector ATLAS
                       TRT.}",
      month         = "Sep",
      year          = "2005",
      reportNumber  = "CERN-EX-0509017",
      url           = "http://cds.cern.ch/record/889555",
}

@article{cern-jinst-atlas,
         collaboration  = "ATLAS",
         title          = "The ATLAS Experiment at the CERN Large Hadron Collider",
         journal        = "Journal of Instrumentation",
         volume         = "3",
         pages          = "S08003",
         year           = "2008",
         note           = "\href{http://jinst.sissa.it/LHC/}{jinst.sissa.it/LHC/}",
}

@unpublished{Pequenao:1095929,
      author        = "Joao Pequenao",
      title         = "{Computer generated image of the ATLAS Muons subsystem}",
      month         = "Mar",
      year          = "2008",
      reportNumber  = "CERN-GE-0803017",
      url           = "http://cds.cern.ch/record/1095929",
}

@article{cern-jinst-lhc,
         author         = "Lyndon Evans and Philip Bryant",
         title          = "LHC Machine",
         journal        = "Journal of Instrumentation",
         volume         = "3",
         pages          = "S08001",
         year           = "2008",
         note           = "\href{http://jinst.sissa.it/LHC/}{jinst.sissa.it/LHC/}",
}

@article{cern-jinst-atlas,
         collaboration  = "ATLAS",
         title          = "The ATLAS Experiment at the CERN Large Hadron Collider",
         journal        = "Journal of Instrumentation",
         volume         = "3",
         pages          = "S08003",
         year           = "2008",
         note           = "\href{http://jinst.sissa.it/LHC/}{jinst.sissa.it/LHC/}",
}

@article{cern-jinst-cms,
         collaboration  = "CMS",
         title          = "The CMS experiment at the CERN LHC",
         journal        = "Journal of Instrumentation",
         volume         = "3",
         pages          = "S08004",
         year           = "2008",
         note           = "\href{http://jinst.sissa.it/LHC/}{jinst.sissa.it/LHC/}",
}

@article{cern-jinst-alice,
         collaboration  = "ALICE",
         title          = "The ALICE experiment at the CERN LHC",
         journal        = "Journal of Instrumentation",
         volume         = "3",
         pages          = "S08002",
         year           = "2008",
         note           = "\href{http://jinst.sissa.it/LHC/}{jinst.sissa.it/LHC/}",
}

@article{cern-jinst-lhcb,
         collaboration  = "LHCb",
         title          = "The LHCb Detector at the LHC",
         journal        = "Journal of Instrumentation",
         volume         = "3",
         pages          = "S08005",
         year           = "2008",
         note           = "\href{http://jinst.sissa.it/LHC/}{jinst.sissa.it/LHC/}",
}

@misc{atlas-lumi,
      collaboration  = "ATLAS",
      title          = "{Luminosity public results}",
      howpublished   = "\href{https://twiki.cern.ch/twiki/bin/view/AtlasPublic/LuminosityPublicResults}{LuminosityPublicResults}",
      year           = "2012",
}


%% -----------------------------------------------------------------------------
%% Not Used in Thesis
%% -----------------------------------------------------------------------------


@unpublished{Wermes:43561,
      author        = "Wermes, Norbert",
      title         = "{ATLAS Pixel Module. Module Pixel de ATLAS}",
      month         = "Nov",
      year          = "2002",
      reportNumber  = "ATL-PHO-INDET-2002-001",
      url           = "http://cds.cern.ch/record/43561",
      note          = "ATLAS Collection.",
}

@unpublished{Maximilien:43814,
      author        = "Maximilien Brice",
      title         = "{Mr Gary Nairn MP, Chair of the Standing Committee on
                       Science and Innovation, Australia}",
      month         = "Apr",
      year          = "2003",
      reportNumber  = "CERN-HI-0304035",
      url           = "http://cds.cern.ch/record/43814",
}



@misc{cern-faq,
      author        = "Christiane Lefevre",
      title         = "LHC: The Guide",
      institution   = "CERN",
      address       = "Geneva",
      howpublished  = "\href{https://cds.cern.ch/record/1165534/}{Brochure}",
      year          = "2009",
}

@misc{cern-accelerators,
      author        = "CERN",
      title         = "The Accelerator Complex",
      institution   = "CERN",
      address       = "Geneva",
      howpublished  = "\href{http://home.web.cern.ch/about/accelerators}{home.web.cern.ch/about/accelerators}",
      year          = "2015",
}

@misc{cern-incident,
      author        = "CERN",
      title         = "CERN releases analysis of LHC incident",
      institution   = "CERN",
      address       = "Geneva",
      howpublished  = "\href{http://press.web.cern.ch/press-releases/2008/10/cern-releases-analysis-lhc-incident}{CERN Press Release}",
      year          = "2008",
}

@misc{cern-run1,
      author        = "CERN",
      title         = "The first LHC protons run ends with new milestone",
      institution   = "CERN",
      address       = "Geneva",
      howpublished  = "\href{http://press.web.cern.ch/press-releases/2012/12/first-lhc-protons-run-ends-new-milestone}{CERN Press Release}",
      year          = "2012",
}

