%% =============================================================================
%% MC generators
%% =============================================================================

%% -----------------------------------------------------------------------------
%% Used in Thesis
%% -----------------------------------------------------------------------------
@article{Nason:2004rx,
  author         = "Nason, Paolo",
  title          = "{A New Method for Combining NLO QCD with Shower Monte Carlo
                     Algorithms}",
  journal        = "J. High Energy Phys.",
  volume         = "0411",
  pages          = "040",
  doi            = "10.1088/1126-6708/2004/11/040",
  year           = "2004",
  eprint         = "hep-ph/0409146",
  archivePrefix  = "arXiv",
  primaryClass   = "hep-ph",
  reportNumber   = "BICOCCA-FT-04-11",
  SLACcitation   = "%%CITATION = HEP-PH/0409146;%%",
}

@article{Frixione:2007vw,
  author         = "Frixione, Stefano and Nason, Paolo and Oleari, Carlo",
  title          = "{Matching NLO QCD Computations with Parton Shower
                     Simulations: the POWHEG Method}",
  journal        = "J. High Energy Phys.",
  volume         = "0711",
  pages          = "070",
  doi            = "10.1088/1126-6708/2007/11/070",
  year           = "2007",
  eprint         = "0709.2092",
  archivePrefix  = "arXiv",
  primaryClass   = "hep-ph",
  reportNumber   = "BICOCCA-FT-07-9, GEF-TH-21-2007",
  SLACcitation   = "%%CITATION = ARXIV:0709.2092;%%",
}

@article{Frixione:2007nw,
  author         = "Frixione, Stefano and Nason, Paolo and Ridolfi, Giovanni",
  title          = "{A Positive-Weight Next-to-Leading-Order Monte Carlo for
                     Heavy Flavour Hadroproduction}",
  journal        = "J. High Energy Phys.",
  volume         = "0709",
  pages          = "126",
  doi            = "10.1088/1126-6708/2007/09/126",
  year           = "2007",
  eprint         = "0707.3088",
  archivePrefix  = "arXiv",
  primaryClass   = "hep-ph",
  reportNumber   = "BICOCCA-FT-07-12, GEF-TH-19-2007",
  SLACcitation   = "%%CITATION = ARXIV:0707.3088;%%",
}

@article{Alioli:2010xd,
  author         = "Alioli, Simone and Nason, Paolo and Oleari, Carlo and
                    Re, Emanuele",
  title          = "{A General Framework for Implementing NLO Calculations in
                     Shower Monte Carlo Programs: the POWHEG BOX}",
  journal        = "J. High Energy Phys.",
  volume         = "1006",
  pages          = "043",
  doi            = "10.1007/JHEP06(2010)043",
  year           = "2010",
  eprint         = "1002.2581",
  archivePrefix  = "arXiv",
  primaryClass   = "hep-ph",
  reportNumber   = "DESY-10-018, SFB-CPP-10-22, IPPP-10-11, DCPT-10-22",
  SLACcitation   = "%%CITATION = ARXIV:1002.2581;%%",
}

@article{Nadolsky:2008zw,
  author         = "Nadolsky, Pavel M. and Lai, Hung-Liang and Cao, Qing-Hong
                    and Huston, Joey and Pumplin, Jon and others",
  title          = "{Implications of CTEQ Global Analysis for Collider
                     Observables}",
  journal        = "Phys. Rev.",
  volume         = "D78",
  pages          = "013004",
  doi            = "10.1103/PhysRevD.78.013004",
  year           = "2008",
  eprint         = "0802.0007",
  archivePrefix  = "arXiv",
  primaryClass   = "hep-ph",
  reportNumber   = "MSUHEP-080125, UCRHEP-T447",
  SLACcitation   = "%%CITATION = ARXIV:0802.0007;%%",
}

@article{Alioli:2009je,
  author         = "Alioli, Simone and Nason, Paolo and Oleari, Carlo and
                    Re, Emanuele",
  title          = "{NLO Single-Top Production Matched with Shower in
                     POWHEG: $s$- and $t$-Channel Contributions}",
  journal        = "J. High Energy Phys.",
  volume         = "0909",
  pages          = "111",
  doi            = "10.1007/JHEP02(2010)011, 10.1088/1126-6708/2009/09/111",
  year           = "2009",
  eprint         = "0907.4076",
  archivePrefix  = "arXiv",
  primaryClass   = "hep-ph",
  SLACcitation   = "%%CITATION = ARXIV:0907.4076;%%",
}

@article{Kersevan:2004yg,
  author         = "Kersevan, Borut Paul and Richter-Was, Elzbieta",
  title          = "{The Monte Carlo Event Generator AcerMC Versions 2.0 to 3.8
                     with Interfaces to PYTHIA 6.4, HERWIG 6.5 and ARIADNE 4.1}",
  journal        = "Comput. Phys. Commun.",
  volume         = "184",
  pages          = "919-985",
  doi            = "10.1016/j.cpc.2012.10.032",
  year           = "2013",
  eprint         = "hep-ph/0405247",
  archivePrefix  = "arXiv",
  primaryClass   = "hep-ph",
  reportNumber   = "TPJU-6-2004",
  SLACcitation   = "%%CITATION = HEP-PH/0405247;%%",
}

@article{Gleisberg:2008ta,
  author         = "Gleisberg, T. and Hoeche, Stefan. and Krauss, F. and
                    Schonherr, M. and Schumann, S. and others",
  title          = "{Event Generation with SHERPA 1.1}",
  journal        = "J. High Energy Phys.",
  volume         = "0902",
  pages          = "007",
  doi            = "10.1088/1126-6708/2009/02/007",
  year           = "2009",
  eprint         = "0811.4622",
  archivePrefix  = "arXiv",
  primaryClass   = "hep-ph",
  reportNumber   = "FERMILAB-PUB-08-477-T, SLAC-PUB-13420, ZU-TH-17-08,
                    DCPT-08-138, IPPP-08-69, EDINBURGH-2008-30, MCNET-08-14",
  SLACcitation   = "%%CITATION = ARXIV:0811.4622;%%",
}

@article{Aad:2015iha,
      author         = "{ATLAS Collaboration}",
      title          = "{Search for the associated production of the Higgs boson
                        with a top quark pair in multilepton final states with the
                        ATLAS detector}",
      collaboration  = "ATLAS",
      year           = "2015",
      eprint         = "1506.05988",
      archivePrefix  = "arXiv",
      primaryClass   = "hep-ex",
      reportNumber   = "CERN-PH-EP-2015-109",
      SLACcitation   = "%%CITATION = ARXIV:1506.05988;%%",
}

@article{Field:2002vt,
      author         = "Field, Rick D.",
      title          = "{The Underlying event in hard scattering processes}",
      collaboration  = "CDF",
      journal        = "eConf",
      volume         = "C010630",
      pages          = "P501",
      year           = "2001",
      eprint         = "hep-ph/0201192",
      archivePrefix  = "arXiv",
      primaryClass   = "hep-ph",
      reportNumber   = "SNOWMASS-2001-P501, UFIFT-HEP-01-19,
                        FERMILAB-CONF-02-009-E",
      SLACcitation   = "%%CITATION = HEP-PH/0201192;%%",
}

@article{Salam:2010zt,
      author         = "Salam, Gavin P.",
      title          = "{Elements of QCD for hadron colliders}",
      year           = "2010",
      eprint         = "1011.5131",
      archivePrefix  = "arXiv",
      primaryClass   = "hep-ph",
      reportNumber   = "CERN-2010-002",
      SLACcitation   = "%%CITATION = ARXIV:1011.5131;%%",
}

@article{Alwall:2008qv,
      author         = "Alwall, Johan and de Visscher, Simon and Maltoni, Fabio",
      title          = "{QCD radiation in the production of heavy colored
                        particles at the LHC}",
      journal        = "JHEP",
      volume         = "0902",
      pages          = "017",
      doi            = "10.1088/1126-6708/2009/02/017",
      year           = "2009",
      eprint         = "0810.5350",
      archivePrefix  = "arXiv",
      primaryClass   = "hep-ph",
      SLACcitation   = "%%CITATION = ARXIV:0810.5350;%%",
}

@article{ATLASSimulation,
  author        = "{ATLAS Collaboration}",
  title         = "{The ATLAS Simulation Infrastructure}",
  journal       = {European Physical Journal C},
  archivePrefix = "arXiv",
  eprint        = {1005.4568},
  primaryClass  = "physics.ins-det",
  year          = 2010,
  month         = dec,
  volume        = 70,
  pages         = {823-874},
  doi           = {10.1140/epjc/s10052-010-1429-9},
  adsurl        = {http://adsabs.harvard.edu/abs/2010EPJC...70..823A},
  adsnote       = {Provided by the SAO/NASA Astrophysics Data System}
}


%% -----------------------------------------------------------------------------
%% Not Used in Thesis
%% -----------------------------------------------------------------------------

@article{Skands:2010ak,
  author         = "Skands, Peter Zeiler",
  title          = "{Tuning Monte Carlo Generators: The Perugia Tunes}",
  journal        = "Phys. Rev.",
  volume         = "D82",
  pages          = "074018",
  doi            = "10.1103/PhysRevD.82.074018",
  year           = "2010",
  eprint         = "1005.3457",
  archivePrefix  = "arXiv",
  primaryClass   = "hep-ph",
  reportNumber   = "MCNET-10-08, CERN-PH-TH-2010-113",
  SLACcitation   = "%%CITATION = ARXIV:1005.3457;%%",
}

@article{Alwall:2011uj,
  author         = "Alwall, Johan and Herquet, Michel and Maltoni, Fabio and
                    Mattelaer, Olivier and Stelzer, Tim",
  title          = "{MadGraph 5 : Going Beyond}",
  journal        = "J. High Energy Phys.",
  volume         = "1106",
  pages          = "128",
  doi            = "10.1007/JHEP06(2011)128",
  year           = "2011",
  eprint         = "1106.0522",
  archivePrefix  = "arXiv",
  primaryClass   = "hep-ph",
  reportNumber   = "FERMILAB-PUB-11-448-T",
  SLACcitation   = "%%CITATION = ARXIV:1106.0522;%%",
}

@article{Skands:2010ak,
  author         = "Skands, Peter Zeiler",
  title          = "{Tuning Monte Carlo Generators: The Perugia Tunes}",
  journal        = "Phys. Rev.",
  volume         = "D82",
  pages          = "074018",
  doi            = "10.1103/PhysRevD.82.074018",
  year           = "2010",
  eprint         = "1005.3457",
  archivePrefix  = "arXiv",
  primaryClass   = "hep-ph",
  reportNumber   = "MCNET-10-08, CERN-PH-TH-2010-113",
  SLACcitation   = "%%CITATION = ARXIV:1005.3457;%%",
}

@article{Alwall:2011uj,
  author         = "Alwall, Johan and Herquet, Michel and Maltoni, Fabio and
                    Mattelaer, Olivier and Stelzer, Tim",
  title          = "{MadGraph 5 : Going Beyond}",
  journal        = "J. High Energy Phys.",
  volume         = "1106",
  pages          = "128",
  doi            = "10.1007/JHEP06(2011)128",
  year           = "2011",
  eprint         = "1106.0522",
  archivePrefix  = "arXiv",
  primaryClass   = "hep-ph",
  reportNumber   = "FERMILAB-PUB-11-448-T",
  SLACcitation   = "%%CITATION = ARXIV:1106.0522;%%",
}

%%seems very old!
@article{Pumplin:2002vw,
  author         = "Pumplin, J. and Stump, D.R. and Huston, J. and Lai, H.L.
                    and Nadolsky, Pavel M. and others",
  title          = "{New Generation of Parton Distributions with Uncertainties
                     from Global QCD Analysis}",
  journal        = "J. High Energy Phys.",
  volume         = "0207",
  pages          = "012",
  doi            = "10.1088/1126-6708/2002/07/012",
  year           = "2002",
  eprint         = "hep-ph/0201195",
  archivePrefix  = "arXiv",
  primaryClass   = "hep-ph",
  reportNumber   = "MSU-HEP-011101",
  SLACcitation   = "%%CITATION = HEP-PH/0201195;%%",
}

@article{Lai:2010vv,
  author         = "Lai, Hung-Liang and Guzzi, Marco and Huston, Joey and
                    Li, Zhao and Nadolsky, Pavel M. and others",
  title          = "{New Parton Distributions for Collider Physics}",
  journal        = "Phys. Rev.",
  volume         = "D82",
  pages          = "074024",
  doi            = "10.1103/PhysRevD.82.074024",
  year           = "2010",
  eprint         = "1007.2241",
  archivePrefix  = "arXiv",
  primaryClass   = "hep-ph",
  reportNumber   = "MSUHEP-100707, SMU-HEP-10-10",
  SLACcitation   = "%%CITATION = ARXIV:1007.2241;%%",
}

@article{Agostinelli:2002hh,
  author         = "Agostinelli, S. and others",
  title          = "{GEANT4: A Simulation Toolkit}",
  collaboration  = "GEANT4",
  journal        = "Nucl. Instrum. Meth.",
  volume         = "A506",
  pages          = "250-303",
  doi            = "10.1016/S0168-9002(03)01368-8",
  year           = "2003",
  reportNumber   = "SLAC-PUB-9350, FERMILAB-PUB-03-339",
  SLACcitation   = "%%CITATION = NUIMA,A506,250;%%",
}

@article{Sjostrand:2006za,
  author         = "Sj{\"o}strand., Torbjorn and Mrenna, Stephen and
                    Skands, Peter Z.",
  title          = "{PYTHIA 6.4 Physics and Manual}",
  journal        = "J. High Energy Phys.",
  volume         = "0605",
  pages          = "026",
  doi            = "10.1088/1126-6708/2006/05/026",
  year           = "2006",
  eprint         = "hep-ph/0603175",
  archivePrefix  = "arXiv",
  primaryClass   = "hep-ph",
  reportNumber   = "FERMILAB-PUB-06-052-CD-T, LU-TP-06-13",
  SLACcitation   = "%%CITATION = HEP-PH/0603175;%%",
}

@article{Sjostrand:2007gs,
  author         = "Sj{\"o}strand, Torbjorn and Mrenna, Stephen and
                    Skands, Peter Z.",
  title          = "{A Brief Introduction to PYTHIA 8.1}",
  journal        = "Comput.Phys.Commun.",
  volume         = "178",
  pages          = "852-867",
  doi            = "10.1016/j.cpc.2008.01.036",
  year           = "2008",
  eprint         = "0710.3820",
  archivePrefix  = "arXiv",
  primaryClass   = "hep-ph",
  reportNumber   = "CERN-LCGAPP-2007-04, LU-TP-07-28, FERMILAB-PUB-07-512-CD-T",
  SLACcitation   = "%%CITATION = ARXIV:0710.3820;%%",
}

@article{Hoche:2010kg,
      author         = "Hoche, Stefan and Krauss, Frank and Schonherr, Marek and
                        Siegert, Frank",
      title          = "{NLO Matrix Elements and Truncated Showers}",
      journal        = "J. High Energy Phys.",
      volume         = "1108",
      pages          = "123",
      doi            = "10.1007/JHEP08(2011)123",
      year           = "2011",
      eprint         = "1009.1127",
      archivePrefix  = "arXiv",
      primaryClass   = "hep-ph",
      reportNumber   = "ZU-TH-13-10, IPPP-10-73, DCPT-10-146,
                        CERN-PH-TH-2010-195, MCNET-10-17",
      SLACcitation   = "%%CITATION = ARXIV:1009.1127;%%",
}

@article{ATL-PHYS-PUB-2011-008,
  author         = "{ATLAS Collaboration}",
  title          = "{New ATLAS Event Generator Tunes to 2010 Data}",
  collaboration  = "ATLAS",
  year           = "2011",
  journal        = "Report No. ATL-PHYS-PUB-2011-008",
  url            = "https://cds.cern.ch/record/1345343",
  SLACcitation   = "%%CITATION = ATL-PHYS-PUB-2011-008 ETC.;%%",
}

@misc{nnpdf,
  howpublished = "\href{https://nnpdf.hepforge.org}"
}
