%% =============================================================================
%% other paper refs
%% =============================================================================

%% -----------------------------------------------------------------------------
%% Used in Thesis
%% -----------------------------------------------------------------------------

@article{Aaij:2015tga,
      author         = "{The LHCb Collaboration}",
      title          = "{Observation of $J/\psi p$ resonances consistent with
                        pentaquark states in ${\Lambda\_b^0\to J/\psi K^-p}$
                        decays}",
      collaboration  = "LHCb",
      year           = "2015",
      eprint         = "1507.03414",
      archivePrefix  = "arXiv",
      primaryClass   = "hep-ex",
      reportNumber   = "CERN-PH-EP-2015-153, LHCB-PAPER-2015-029",
      SLACcitation   = "%%CITATION = ARXIV:1507.03414;%%"
}

@article{Aad:2015zhl,
      author         = "{The ATLAS Collaboration}",
      title          = "{Combined Measurement of the Higgs Boson Mass in $pp$
                        Collisions at $\sqrt{s}=7$ and 8 TeV with the ATLAS and
                        CMS Experiments}",
      collaboration  = "ATLAS, CMS",
      journal        = "Phys. Rev. Lett.",
      volume         = "114",
      year           = "2015",
      pages          = "191803",
      doi            = "10.1103/PhysRevLett.114.191803",
      eprint         = "1503.07589",
      archivePrefix  = "arXiv",
      primaryClass   = "hep-ex",
      reportNumber   = "ATLAS-HIGG-2014-14, CMS-HIG-14-042, CERN-PH-EP-2015-075",
      SLACcitation   = "%%CITATION = ARXIV:1503.07589;%%"
}

%% -----------------------------------------------------------------------------
%% Not Used in Thesis
%% -----------------------------------------------------------------------------

