%% =============================================================================
%% single top
%% =============================================================================

%% -----------------------------------------------------------------------------
%% Used in Thesis
%% -----------------------------------------------------------------------------

%% -----------------------------------------------------------------------------
%% Not Used in Thesis
%% -----------------------------------------------------------------------------

@article{Frixione:2008yi,
  author         = "Frixione, Stefano and Laenen, Eric and Motylinski, Patrick
                    and Webber, Bryan R. and White, Chris D.",
  title          = "{Single-Top Hadroproduction in Association with a
                     $W$ Boson}",
  journal        = "J. High Energy Phys.",
  volume         = "0807",
  pages          = "029",
  doi            = "10.1088/1126-6708/2008/07/029",
  year           = "2008",
  eprint         = "0805.3067",
  archivePrefix  = "arXiv",
  primaryClass   = "hep-ph",
  reportNumber   = "CERN-TH-2008-104, ITP-UU-08-27, NIKHEF-2008-005,
  ITFA-2008-16, CAVENDISH-HEP-08-06",
  SLACcitation   = "%%CITATION = ARXIV:0805.3067;%%",
}

