%% =============================================================================
%% Standard Model refs
%% =============================================================================
@article{Agashe:2014kda,
  author         = "Olive, K.A. and others",
  title          = "{Review of Particle Physics}",
  collaboration  = "Particle Data Group",
  journal        = "Chin.Phys.",
  volume         = "C38",
  pages          = "090001",
  doi            = "10.1088/1674-1137/38/9/090001",
  year           = "2014",
  SLACcitation   = "%%CITATION = CHPHD,C38,090001;%%",
}

@book{opac-b1131978,
  title = "An introduction to quantum field theory",
  author = "Peskin, Michael Edward and Schroeder, Daniel V.",
  series = "Advanced book program",
  publisher = "Westview Press Reading (Mass.)",
  address = "Boulder (Colo.)",
  url = "http://opac.inria.fr/record=b1131978",
  isbn = "0-201-50934-2",
  note = "Autre tirage : 1997",
  year = 1995
}

@book{halzen1984quarks,
  title={Quarks and leptons: an introductory course in modern particle physics},
  author={Halzen, F. and Martin, A.D.},
  lccn={83014649},
  url={https://books.google.com/books?id=zwDvAAAAMAAJ},
  year={1984},
  publisher={Wiley}
}

@article{PhysRevLett.13.321,
  title = {Broken Symmetry and the Mass of Gauge Vector Mesons},
  author = {Englert, F. and Brout, R.},
  journal = {Phys. Rev. Lett.},
  volume = {13},
  issue = {9},
  pages = {321--323},
  numpages = {0},
  year = {1964},
  month = {Aug},
  publisher = {American Physical Society},
  doi = {10.1103/PhysRevLett.13.321},
  url = {http://link.aps.org/doi/10.1103/PhysRevLett.13.321}
}

@article{Higgs1964132,
title = "Broken symmetries, massless particles and gauge fields ",
journal = "Physics Letters ",
volume = "12",
number = "2",
pages = "132 - 133",
year = "1964",
note = "",
issn = "0031-9163",
doi = "http://dx.doi.org/10.1016/0031-9163(64)91136-9",
url = "http://www.sciencedirect.com/science/article/pii/0031916364911369",
author = "P.W. Higgs"
}

@article{PhysRevLett.13.508,
  title = {Broken Symmetries and the Masses of Gauge Bosons},
  author = {Higgs, Peter W.},
  journal = {Phys. Rev. Lett.},
  volume = {13},
  issue = {16},
  pages = {508--509},
  numpages = {0},
  year = {1964},
  month = {Oct},
  publisher = {American Physical Society},
  doi = {10.1103/PhysRevLett.13.508},
  url = {http://link.aps.org/doi/10.1103/PhysRevLett.13.508}
}

@article{PhysRevLett.13.585,
  title = {Global Conservation Laws and Massless Particles},
  author = {Guralnik, G. S. and Hagen, C. R. and Kibble, T. W. B.},
  journal = {Phys. Rev. Lett.},
  volume = {13},
  issue = {20},
  pages = {585--587},
  numpages = {0},
  year = {1964},
  month = {Nov},
  publisher = {American Physical Society},
  doi = {10.1103/PhysRevLett.13.585},
  url = {http://link.aps.org/doi/10.1103/PhysRevLett.13.585}
}

@misc{QuantumDiariesHiggs,
  author = {Tanedo, Flip},
  howpublished  = "\href{http://www.quantumdiaries.org/2011/11/21/why-do-we-expect-a-higgs-boson-part-i-electroweak-symmetry-breaking/}{http://www.quantumdiaries.org/2011/11/21/why-do-we-expect-a-higgs-boson-part-i-electroweak-symmetry-breaking/}"
}

@article{Clowe:2006eq,
      author         = "Clowe, Douglas and Bradac, Marusa and Gonzalez, Anthony
                        H. and Markevitch, Maxim and Randall, Scott W. and others",
      title          = "{A direct empirical proof of the existence of dark
                        matter}",
      journal        = "Astrophys.J.",
      volume         = "648",
      pages          = "L109-L113",
      doi            = "10.1086/508162",
      year           = "2006",
      eprint         = "astro-ph/0608407",
      archivePrefix  = "arXiv",
      primaryClass   = "astro-ph",
      reportNumber   = "SLAC-PUB-12078",
      SLACcitation   = "%%CITATION = ASTRO-PH/0608407;%%",
}

@article{Ade:2013zuv,
      author         = "Ade, P.A.R. and others",
      title          = "{Planck 2013 results. XVI. Cosmological parameters}",
      collaboration  = "Planck",
      journal        = "Astron.Astrophys.",
      volume         = "571",
      pages          = "A16",
      doi            = "10.1051/0004-6361/201321591",
      year           = "2014",
      eprint         = "1303.5076",
      archivePrefix  = "arXiv",
      primaryClass   = "astro-ph.CO",
      SLACcitation   = "%%CITATION = ARXIV:1303.5076;%%",
}

@article{PhysRevD.86.010001,
  title = {Review of Particle Physics*},
  author = {Particle Data Group Collaboration, J. Beringer et al.},
  journal = {Phys. Rev. D},
  volume = {86},
  issue = {1},
  pages = {010001},
  numpages = {1528},
  year = {2012},
  month = {Jul},
  publisher = {American Physical Society},
  doi = {10.1103/PhysRevD.86.010001},
  url = {http://link.aps.org/doi/10.1103/PhysRevD.86.010001}
}






%% -----------------------------------------------------------------------------
%% Used in Thesis
%% -----------------------------------------------------------------------------

%% -----------------------------------------------------------------------------
%% Not Used in Thesis
%% -----------------------------------------------------------------------------

