%% =============================================================================
%% Statistics
%% =============================================================================

%% -----------------------------------------------------------------------------
%% Used in Thesis
%% -----------------------------------------------------------------------------

@article{Baak:2014wma,
  author         = "Baak, M. and Besjes, G.J. and Cote, D. and Koutsman, A.
                    and Lorenz, J. and others",
  title          = "{HistFitter Software Framework for Statistical Data
                     Analysis}",
  year           = "2014",
  eprint         = "1410.1280",
  archivePrefix  = "arXiv",
  primaryClass   = "hep-ex",
  SLACcitation   = "%%CITATION = ARXIV:1410.1280;%%",
}

@article{0954-3899-28-10-313,
  author={A L Read},
  title={Presentation of search results: the CL s technique},
  journal={Journal of Physics G: Nuclear and Particle Physics},
  volume={28},
  number={10},
  pages={2693},
  url={http://stacks.iop.org/0954-3899/28/i=10/a=313},
  year={2002},
}

@article{2011EPJC...71.1554C,
   author = {{Cowan}, G. and {Cranmer}, K. and {Gross}, E. and {Vitells}, O.
	},
    title = "{Asymptotic formulae for likelihood-based tests of new physics}",
  journal = {European Physical Journal C},
archivePrefix = "arXiv",
   eprint = {1007.1727},
 primaryClass = "physics.data-an",
     year = 2011,
    month = feb,
   volume = 71,
      eid = {1554},
    pages = {1554},
      doi = {10.1140/epjc/s10052-011-1554-0},
   adsurl = {http://adsabs.harvard.edu/abs/2011EPJC...71.1554C},
  adsnote = {Provided by the SAO/NASA Astrophysics Data System}
}



%% -----------------------------------------------------------------------------
%% Not Used in Thesis
%% -----------------------------------------------------------------------------


