%% =============================================================================
%% light stop mass
%% =============================================================================

%% -----------------------------------------------------------------------------
%% Used in Thesis
%% -----------------------------------------------------------------------------

%% -----------------------------------------------------------------------------
%% Not Used in Thesis
%% -----------------------------------------------------------------------------

@article{Barbieri:1987fn,
  author         = "Barbieri, Riccardo and Giudice, G.F.",
  title          = "{Upper Bounds on Supersymmetric Particle Masses}",
  journal        = "Nucl. Phys.",
  volume         = "B306",
  pages          = "63",
  doi            = "10.1016/0550-3213(88)90171-X",
  year           = "1988",
  reportNumber   = "CERN-TH-4825/87",
  SLACcitation   = "%%CITATION = NUPHA,B306,63;%%",
}

@article{deCarlos:1993yy,
  author         = "de Carlos, B. and Casas, J.A.",
  title          = "{One Loop Analysis of the Electroweak Breaking in
                     Supersymmetric Models and the Fine Tuning Problem}",
  journal        = "Phys. Lett.",
  volume         = "B309",
  pages          = "320-328",
  doi            = "10.1016/0370-2693(93)90940-J",
  year           = "1993",
  eprint         = "hep-ph/9303291",
  archivePrefix  = "arXiv",
  primaryClass   = "hep-ph",
  reportNumber   = "CERN-TH-6835-93, IEM-FT-70-93",
  SLACcitation   = "%%CITATION = HEP-PH/9303291;%%",
}


