%% =============================================================================
%% B-L references with stop
%% =============================================================================

%% -----------------------------------------------------------------------------
%% Used in Thesis
%% -----------------------------------------------------------------------------
@article{Marshall:2014cwa,
  author         = "Marshall, Zachary and Ovrut, Burt A. and Purves, Austin
                    and Spinner, Sogee",
  title          = "{LSP Squark Decays at the LHC and the Neutrino Mass
                     Hierarchy}",
  journal        = "Phys. Rev.",
  number         = "1",
  volume         = "D90",
  pages          = "015034",
  doi            = "10.1103/PhysRevD.90.015034",
  year           = "2014",
  eprint         = "1402.5434",
  archivePrefix  = "arXiv",
  primaryClass   = "hep-ph",
  SLACcitation   = "%%CITATION = ARXIV:1402.5434;%%",
}

@techreport{ATLAS-CONF-2015-015,
      title         = "{A search for $B-L$ $R$-Parity violating scalar top decays
                       in $\sqrt{s} = 8$ TeV $pp$ collisions with the ATLAS
                       experiment}",
      institution   = "CERN",
      address       = "Geneva",
      number        = "ATLAS-CONF-2015-015",
      month         = "Mar",
      year          = "2015",
      reportNumber  = "ATLAS-CONF-2015-015",
      url           = "https://cds.cern.ch/record/2002885",
}

%% -----------------------------------------------------------------------------
%% Not Used in Thesis
%% -----------------------------------------------------------------------------

@article{Marshall:2014kea,
  author         = "Marshall, Zachary and Ovrut, Burt A. and Purves, Austin
                    and Spinner, Sogee",
  title          = "{Spontaneous $R$-Parity Breaking, Stop LSP Decays and the
                     Neutrino Mass Hierarchy}",
  journal        = "Phys. Lett.",
  volume         = "B732",
  pages          = "325-329",
  doi            = "10.1016/j.physletb.2014.03.052",
  year           = "2014",
  eprint         = "1401.7989",
  archivePrefix  = "arXiv",
  primaryClass   = "hep-ph",
  SLACcitation   = "%%CITATION = ARXIV:1401.7989;%%",
}

@article{FileviezPerez:2008sx,
  author         = "Fileviez Perez, Pavel and Spinner, Sogee",
  title          = "{Spontaneous R-Parity Breaking and Left-Right Symmetry}",
  journal        = "Phys. Lett.",
  volume         = "B673",
  pages          = "251-254",
  doi            = "10.1016/j.physletb.2009.02.047",
  year           = "2009",
  eprint         = "0811.3424",
  archivePrefix  = "arXiv",
  primaryClass   = "hep-ph",
  SLACcitation   = "%%CITATION = ARXIV:0811.3424;%%",
}

@article{Barger:2008wn,
  author         = "Barger, Vernon and Fileviez Perez, Pavel and
                    Spinner, Sogee",
  title          = "{Minimal Gauged $U(1)_{B-L}$ Model with Spontaneous
                     $R$-Parity Violation}",
  journal        = "Phys. Rev. Lett.",
  volume         = "102",
  pages          = "181802",
  doi            = "10.1103/PhysRevLett.102.181802",
  year           = "2009",
  eprint         = "0812.3661",
  archivePrefix  = "arXiv",
  primaryClass   = "hep-ph",
  SLACcitation   = "%%CITATION = ARXIV:0812.3661;%%",
}

@article{FileviezPerez:2009gr,
  author         = "Fileviez Perez, Pavel and Spinner, Sogee",
  title          = "{Spontaneous R-Parity Breaking in SUSY Models}",
  journal        = "Phys. Rev.",
  volume         = "D80",
  pages          = "015004",
  doi            = "10.1103/PhysRevD.80.015004",
  year           = "2009",
  eprint         = "0904.2213",
  archivePrefix  = "arXiv",
  primaryClass   = "hep-ph",
  SLACcitation   = "%%CITATION = ARXIV:0904.2213;%%",
}

@article{Everett:2009vy,
  author         = "Everett, Lisa L. and Fileviez Perez, Pavel and Spinner,
                    Sogee",
  title          = "{The Right Side of TeV Scale Spontaneous R-Parity
                     Violation}",
  journal        = "Phys. Rev.",
  volume         = "D80",
  pages          = "055007",
  doi            = "10.1103/PhysRevD.80.055007",
  year           = "2009",
  eprint         = "0906.4095",
  archivePrefix  = "arXiv",
  primaryClass   = "hep-ph",
  SLACcitation   = "%%CITATION = ARXIV:0906.4095;%%",
}

