%% =============================================================================
%% RPC
%% =============================================================================

%% -----------------------------------------------------------------------------
%% Used in Thesis
%% -----------------------------------------------------------------------------

%% -----------------------------------------------------------------------------
%% Not Used in Thesis
%% -----------------------------------------------------------------------------

@article{Fayet:1976et,
  author    = "Fayet, P.",
  title     = "{Supersymmetry and Weak, Electromagnetic and Strong
                Interactions}",
  journal   = "Phys. Lett.",
  volume    = "B64",
  year      = "1976",
  pages     = "159",
  doi       = "10.1016/0370-2693(76)90319-1",
  SLACcitation  = "%%CITATION = PHLTA,B64,159;%%"
}

@article{Fayet:1977yc,
  author    = "Fayet, P.",
  title     = "{Spontaneously Broken Supersymmetric Theories of Weak,
                Electromagnetic and Strong Interactions}",
  journal   = "Phys. Lett.",
  volume    = "B69",
  year      = "1977",
  pages     = "489",
  doi       = "10.1016/0370-2693(77)90852-8",
  SLACcitation  = "%%CITATION = PHLTA,B69,489;%%"
}

@article{Farrar:1978xj,
  author    = "Farrar, G. R. and Fayet, P.",
  title     = "{Phenomenology of the Production, Decay, and Detection of New
                Hadronic States Associated with Supersymmetry}",
  journal   = "Phys. Lett.",
  volume    = "B76",
  year      = "1978",
  pages     = "575-579",
  doi       = "10.1016/0370-2693(78)90858-4",
  SLACcitation  = "%%CITATION = PHLTA,B76,575;%%"
}

@article{Fayet:1979sa,
  author    = "Fayet, P.",
  title     = "{Relations Between the Masses of the Superpartners of Leptons
                and Quarks, the Goldstino Couplings and the Neutral Currents}",
  journal   = "Phys. Lett.",
  volume    = "B84",
  year      = "1979",
  pages     = "416",
  doi       = "10.1016/0370-2693(79)91229-2",
  SLACcitation  = "%%CITATION = PHLTA,B84,416;%%"
}

@article{Dimopoulos:1981zb,
  author    = "Dimopoulos, S. and Georgi, H.",
  title     = "{Softly Broken Supersymmetry and SU(5)}",
  journal   = "Nucl. Phys.",
  volume    = "B193",
  year      = "1981",
  pages     = "150",
  doi       = "10.1016/0550-3213(81)90522-8",
  SLACcitation  = "%%CITATION = NUPHA,B193,150;%%"
}


