%% =============================================================================
%% Standard SUSY refs
%% =============================================================================

%% -----------------------------------------------------------------------------
%% Used in Thesis
%% -----------------------------------------------------------------------------

@article{Miyazawa:1966,
  author    = "H. Miyazawa",
  title     = "{Baryon Number Changing Currents}",
  journal   = "Prog. Theor. Phys.",
  volume    = "36 (6)",
  year      = "1966",
  pages     = "1266-1276",
  doi       = "10.1143/PTP.36.1266",
  SLACcitation  = "%%CITATION = PRTHP,36(6),1266;%%"
}

@article{PhysRev.170.1586,
  title = {Spinor Currents and Symmetries of Baryons and Mesons},
  author = {H. Miyazawa},
  journal = {Phys. Rev.},
  volume = {170},
  issue = {5},
  pages = {1586--1590},
  numpages = {0},
  year = {1968},
  month = {Jun},
  publisher = {American Physical Society},
  doi = {10.1103/PhysRev.170.1586},
  url = {http://link.aps.org/doi/10.1103/PhysRev.170.1586}
}

@article{Volkov:1972jx,
      author         = "D.V. Volkov, V.P. Akulov",
      title          = "{Possible universal neutrino interaction}",
      journal        = "JETP Lett.",
      volume         = "16",
      pages          = "438-440",
      year           = "1972",
      SLACcitation   = "%%CITATION = JTPLA,16,438;%%",
}

@article{Volkov:1973ix,
      author         = "D.V. Volkov, V.P. Akulov",
      title          = "{Is the Neutrino a Goldstone Particle?}",
      journal        = "Phys.Lett.",
      volume         = "B46",
      pages          = "109-110",
      doi            = "10.1016/0370-2693(73)90490-5",
      year           = "1973",
      SLACcitation   = "%%CITATION = PHLTA,B46,109;%%",
}

@article{Volkov:1973jd,
      author         = "D.V. Volkov, V.A. Soroka",
      title          = "{Higgs Effect for Goldstone Particles with Spin 1/2}",
      journal        = "JETP Lett.",
      volume         = "18",
      pages          = "312-314",
      year           = "1973",
      SLACcitation   = "%%CITATION = JTPLA,18,312;%%",
}

@article{Ramond:1971gb,
  author    = "P. Ramond",
  title     = "{Dual Theory for Free Fermions}",
  journal   = "Phys. Rev.",
  volume    = "D3",
  year      = "1971",
  pages     = "2415-2418",
  doi       = "10.1103/PhysRevD.3.2415",
  SLACcitation  = "%%CITATION = PHRVA,D3,2415;%%"
}

@article{Golfand:1971iw,
  author    = "Golfand, Yu. A. and Likhtman, E. P.",
  title     = "{Extension of the Algebra of Poincare Group Generators and
                Violation of p Invariance}",
  journal   = "JETP Lett.",
  volume    = "13",
  pages     = "323-326",
  year      = "1971",
  SLACcitation  = "%%CITATION = JTPLA,13,323;%%"
}

@article{Neveu:1971rx,
  author    = "Neveu, A. and Schwarz, J. H.",
  title     = "{Factorizable Dual Model of Pions}",
  journal   = "Nucl. Phys.",
  volume    = "B31",
  year      = "1971",
  pages     = "86-112",
  doi       = "10.1016/0550-3213(71)90448-2",
  SLACcitation  = "%%CITATION = NUPHA,B31,86;%%"
}

@article{Neveu:1971iv,
  author    = "Neveu, A. and Schwarz, J. H.",
  title     = "{Quark Model of Dual Pions}",
  journal   = "Phys. Rev.",
  volume    = "D4",
  year      = "1971",
  pages     = "1109-1111",
  doi       = "10.1103/PhysRevD.4.1109",
  SLACcitation  = "%%CITATION = PHRVA,D4,1109;%%"
}

@article{Gervais:1971ji,
  author    = "Gervais, J.L. and Sakita, B.",
  title     = "{Field Theory Interpretation of Supergauges in Dual Models}",
  journal   = "Nucl. Phys.",
  volume    = "B34",
  year      = "1971",
  pages     = "632-639",
  doi       = "10.1016/0550-3213(71)90351-8",
  SLACcitation  = "%%CITATION = NUPHA,B34,632;%%"
}

@article{Volkov:1973ix,
  author    = "Volkov, D. V. and Akulov, V. P.",
  title     = "{Is the Neutrino a Goldstone Particle?}",
  journal   = "Phys. Lett.",
  volume    = "B46",
  year      = "1973",
  pages     = "109-110",
  doi       = "10.1016/0370-2693(73)90490-5",
  SLACcitation  = "%%CITATION = PHLTA,B46,109;%%"
}

@article{Wess:1973kz,
  author    = "Wess, J. and Zumino, B.",
  title     = "{A Lagrangian Model Invariant Under Supergauge Transformations}",
  journal   = "Phys. Lett.",
  volume    = "B49",
  year      = "1974",
  pages     = "52",
  doi       = "10.1016/0370-2693(74)90578-4",
  SLACcitation  = "%%CITATION = PHLTA,B49,52;%%"
}

@article{Wess:1974tw,
  author    = "Wess, J. and Zumino, B.",
  title     = "{Supergauge Transformations in Four-Dimensions}",
  journal   = "Nucl. Phys.",
  volume    = "B70",
  year      = "1974",
  pages     = "39-50",
  doi       = "10.1016/0550-3213(74)90355-1",
  SLACcitation  = "%%CITATION = NUPHA,B70,39;%%"
}

@book{aitchison2007supersymmetry,
  title={Supersymmetry in Particle Physics: An Elementary Introduction},
  author={Aitchison, I.},
  isbn={9781139467056},
  url={https://books.google.com/books?id=x3QVeJhPBeUC},
  year={2007},
  publisher={Cambridge University Press}
}

@article{Martin:1997ns,
      author         = "Martin, Stephen P.",
      title          = "{A Supersymmetry primer}",
      journal        = "Adv.Ser.Direct.High Energy Phys.",
      volume         = "21",
      pages          = "1-153",
      doi            = "10.1142/9789814307505_0001",
      year           = "2010",
      eprint         = "hep-ph/9709356",
      archivePrefix  = "arXiv",
      primaryClass   = "hep-ph",
      SLACcitation   = "%%CITATION = HEP-PH/9709356;%%",
}

@article{Polonsky:2001pn,
      author         = "Polonsky, Nir",
      title          = "{Supersymmetry: Structure and phenomena. Extensions of
                        the standard model}",
      journal        = "Lect.Notes Phys.",
      volume         = "M68",
      pages          = "1-169",
      year           = "2001",
      eprint         = "hep-ph/0108236",
      archivePrefix  = "arXiv",
      primaryClass   = "hep-ph",
      reportNumber   = "MIT-CTP-3164",
      SLACcitation   = "%%CITATION = HEP-PH/0108236;%%",
}


%% -----------------------------------------------------------------------------
%% Not Used in Thesis
%% -----------------------------------------------------------------------------

