%% =============================================================================
%% SUSY cross sections
%% =============================================================================

%% -----------------------------------------------------------------------------
%% Used in Thesis
%% -----------------------------------------------------------------------------

%% -----------------------------------------------------------------------------
%% Not Used in Thesis
%% -----------------------------------------------------------------------------

@article{Beenakker:1997ut,
  author         = "Beenakker, W. and Kramer, M. and Plehn, T. and Spira, M.
                    and Zerwas, P.M.",
  title          = "{Stop Production at Hadron Colliders}",
  journal        = "Nucl. Phys.",
  volume         = "B515",
  pages          = "3-14",
  doi            = "10.1016/S0550-3213(98)00014-5",
  year           = "1998",
  eprint         = "hep-ph/9710451",
  archivePrefix  = "arXiv",
  primaryClass   = "hep-ph",
  reportNumber   = "DESY-97-214, CERN-TH-97-177, RAL-TR-97-056",
  SLACcitation   = "%%CITATION = HEP-PH/9710451;%%",
}

@article{Beenakker:2010nq,
  author         = "Beenakker, Wim and Brensing, Silja and Kramer, Michael and
                    Kulesza, Anna and Laenen, Eric and others",
  title          = "{Supersymmetric Top and Bottom Squark Production at Hadron
                     Colliders}",
  journal        = "J. High Energy Phys.",
  volume         = "1008",
  pages          = "098",
  doi            = "10.1007/JHEP08(2010)098",
  year           = "2010",
  eprint         = "1006.4771",
  archivePrefix  = "arXiv",
  primaryClass   = "hep-ph",
  reportNumber   = "CERN-PH-TH-2010-142, ITFA-2010-015, ITP-UU-10-17,
  NIKHEF-2010-016, TTK-10-33",
  SLACcitation   = "%%CITATION = ARXIV:1006.4771;%%",
}

@article{Beenakker:2011fu,
  author         = "Beenakker, W. and Brensing, S. and Kramer, M.n and Kulesza,
                    A. and Laenen, E. and others",
  title          = "{Squark and Gluino Hadroproduction}",
  journal        = "Int. J. Mod. Phys.",
  volume         = "A26",
  pages          = "2637-2664",
  doi            = "10.1142/S0217751X11053560",
  year           = "2011",
  eprint         = "1105.1110",
  archivePrefix  = "arXiv",
  primaryClass   = "hep-ph",
  reportNumber   = "DESY-11-060, ITFA-11-09, ITP-UU-11-13, NIKHEF-2011-011,
  TTK-11-12",
  SLACcitation   = "%%CITATION = ARXIV:1105.1110;%%",
}

@article{Kramer:2012bx,
  author         = "Kramer, Michael and Kulesza, Anna and van der Leeuw, Robin
                    and Mangano, Michelangelo and Padhi, Sanjay and others",
  title          = "{Supersymmetry Production Cross Sections in $pp$ Collisions
                     at $\sqrt{s}=7$ TeV}",
  year           = "2012",
  eprint         = "1206.2892",
  archivePrefix  = "arXiv",
  primaryClass   = "hep-ph",
  reportNumber   = "CERN-PH-TH-2012-163",
  SLACcitation   = "%%CITATION = ARXIV:1206.2892;%%",
}


