%% =============================================================================
%% Signatures at LHC
%% =============================================================================

%% -----------------------------------------------------------------------------
%% Used in Thesis
%% -----------------------------------------------------------------------------

%% -----------------------------------------------------------------------------
%% Not Used in Thesis
%% -----------------------------------------------------------------------------

@article{FileviezPerez:2012mj,
  author         = "Fileviez Perez, Pavel and Spinner, Sogee",
  title          = "{The Minimal Theory for R-parity Violation at the LHC}",
  journal        = "J. High Energy Phys.",
  volume         = "1204",
  pages          = "118",
  doi            = "10.1007/JHEP04(2012)118",
  year           = "2012",
  eprint         = "1201.5923",
  archivePrefix  = "arXiv",
  primaryClass   = "hep-ph",
  SLACcitation   = "%%CITATION = ARXIV:1201.5923;%%",
}

@article{Perez:2013kla,
  author         = "Fileviez Perez, Pavel and Spinner, Sogee",
  title          = "{Supersymmetry at the LHC and the Theory of R-parity}",
  journal        = "Phys. Lett.",
  volume         = "B728",
  pages          = "489-495",
  doi            = "10.1016/j.physletb.2013.12.022",
  year           = "2014",
  eprint         = "1308.0524",
  archivePrefix  = "arXiv",
  primaryClass   = "hep-ph",
  SLACcitation   = "%%CITATION = ARXIV:1308.0524;%%",
}



