%% =============================================================================
%% top-down
%% =============================================================================

%% -----------------------------------------------------------------------------
%% Used in Thesis
%% -----------------------------------------------------------------------------

%% -----------------------------------------------------------------------------
%% Not Used in Thesis
%% -----------------------------------------------------------------------------

@article{Evans:1986ada,
  author         = "Evans, Mark and Ovrut, Burt A.",
  title          = "{The World Sheet Supergravity of the Heterotic String}",
  journal        = "Phys. Lett.",
  volume         = "B171",
  pages          = "177",
  doi            = "10.1016/0370-2693(86)91527-3",
  year           = "1986",
  reportNumber   = "RU/86/149",
  SLACcitation   = "%%CITATION = PHLTA,B171,177;%%",
}

@article{Lukas:1998yy,
  author         = "Lukas, Andre and Ovrut, Burt A. and Stelle, K.S. and
                    Waldram, Daniel",
  title          = "{The Universe As a Domain Wall}",
  journal        = "Phys. Rev.",
  volume         = "D59",
  pages          = "086001",
  doi            = "10.1103/PhysRevD.59.086001",
  year           = "1999",
  eprint         = "hep-th/9803235",
  archivePrefix  = "arXiv",
  primaryClass   = "hep-th",
  reportNumber   = "UPR-797T, PUPT-1782, CERN-TH-98-98, IMPERIAL-TP-97-98-35",
  SLACcitation   = "%%CITATION = HEP-TH/9803235;%%",
}

@article{Braun:2005ux,
  author         = "Braun, Volker and He, Yang-Hui and Ovrut, Burt A. and
                    Pantev, Tony",
  title          = "{A Heterotic Standard Model}",
  journal        = "Phys. Lett.",
  volume         = "B618",
  pages          = "252-258",
  doi            = "10.1016/j.physletb.2005.05.007",
  year           = "2005",
  eprint         = "hep-th/0501070",
  archivePrefix  = "arXiv",
  primaryClass   = "hep-th",
  reportNumber   = "UPR-1103-T",
  SLACcitation   = "%%CITATION = HEP-TH/0501070;%%",
}

@article{Braun:2005nv,
  author         = "Braun, Volker and He, Yang-Hui and Ovrut, Burt A. and
                    Pantev, Tony",
  title          = "{The Exact MSSM Spectrum From String Theory}",
  journal        = "J. High Energy Phys.",
  volume         = "0605",
  pages          = "043",
  doi            = "10.1088/1126-6708/2006/05/043",
  year           = "2006",
  eprint         = "hep-th/0512177",
  archivePrefix  = "arXiv",
  primaryClass   = "hep-th",
  reportNumber   = "UPR-1141-T",
  SLACcitation   = "%%CITATION = HEP-TH/0512177;%%",
}

@article{Braun:2006ae,
  author         = "Braun, Volker and He, Yang-Hui and Ovrut, Burt A.",
  title          = "{Stability of the Minimal Heterotic Standard Model Bundle}",
  journal        = "J. High Energy Phys.",
  volume         = "0606",
  pages          = "032",
  doi            = "10.1088/1126-6708/2006/06/032",
  year           = "2006",
  eprint         = "hep-th/0602073",
  archivePrefix  = "arXiv",
  primaryClass   = "hep-th",
  reportNumber   = "UPR-1147-T",
  SLACcitation   = "%%CITATION = HEP-TH/0602073;%%",
}

@article{Ambroso:2009jd,
  author         = "Ambroso, Michael and Ovrut, Burt",
  title          = "{The B-L/Electroweak Hierarchy in Heterotic String and
                     M-Theory}",
  journal        = "J. High Energy Phys.",
  volume         = "0910",
  pages          = "011",
  doi            = "10.1088/1126-6708/2009/10/011",
  year           = "2009",
  eprint         = "0904.4509",
  archivePrefix  = "arXiv",
  primaryClass   = "hep-th",
  SLACcitation   = "%%CITATION = ARXIV:0904.4509;%%",
}

@article{Ambroso:2009sc,
      author         = "Ambroso, Michael and Ovrut, Burt A.",
      title          = "{The B-L/Electroweak Hierarchy in Smooth Heterotic
                        Compactifications}",
      journal        = "Int. J. Mod. Phys.",
      volume         = "A25",
      pages          = "2631-2677",
      doi            = "10.1142/S0217751X10049207",
      year           = "2010",
      eprint         = "0910.1129",
      archivePrefix  = "arXiv",
      primaryClass   = "hep-th",
      SLACcitation   = "%%CITATION = ARXIV:0910.1129;%%",
}

@article{Ambroso:2010pe,
      author         = "Ambroso, Michael and Ovrut, Burt A.",
      title          = "{The Mass Spectra, Hierarchy and Cosmology of B-L MSSM
                        Heterotic Compactifications}",
      journal        = "Int. J. Mod. Phys.",
      volume         = "A26",
      pages          = "1569-1627",
      doi            = "10.1142/S0217751X11052943",
      year           = "2011",
      eprint         = "1005.5392",
      archivePrefix  = "arXiv",
      primaryClass   = "hep-th",
      SLACcitation   = "%%CITATION = ARXIV:1005.5392;%%",
}

@article{Ovrut:2012wg,
      author         = "Ovrut, Burt A. and Purves, Austin and Spinner, Sogee",
      title          = "{Wilson Lines and a Canonical Basis of SU(4) Heterotic
                        Standard Models}",
      journal        = "J. High Energy Phys.",
      volume         = "1211",
      pages          = "026",
      doi            = "10.1007/JHEP11(2012)026",
      year           = "2012",
      eprint         = "1203.1325",
      archivePrefix  = "arXiv",
      primaryClass   = "hep-th",
      SLACcitation   = "%%CITATION = ARXIV:1203.1325;%%",
}

@article{Ovrut:2014rba,
      author         = "Ovrut, Burt A. and Purves, Austin and Spinner, Sogee",
      title          = "{A Statistical Analysis of the Minimal SUSY B-L
                         Theory}",
      year           = "2014",
      eprint         = "1412.6103",
      archivePrefix  = "arXiv",
      primaryClass   = "hep-ph",
      SLACcitation   = "%%CITATION = ARXIV:1412.6103;%%",
}

@article{Ovrut:2015uea,
      author         = "Ovrut, Burt A. and Purves, Austin and Spinner, Sogee",
      title          = "{The Minimal SUSY $B-L$ Model: From the Unification
                         Scale to the LHC}",
      year           = "2015",
      eprint         = "1503.01473",
      archivePrefix  = "arXiv",
      primaryClass   = "hep-ph",
      SLACcitation   = "%%CITATION = ARXIV:1503.01473;%%",
}


