%% =============================================================================
%% ttbar
%% =============================================================================

%% -----------------------------------------------------------------------------
%% Used in Thesis
%% -----------------------------------------------------------------------------
@article{Aad:2012hg,
  author         = "{ATLAS Collaboration}",
  title          = "{Measurements of Top Quark Pair Relative Differential
                     Cross-Sections with ATLAS in $pp$ Collisions at
                     $\sqrt{s}=7$ TeV}",
  collaboration  = "ATLAS",
  journal        = "Eur. Phys. J.",
  number         = "1",
  volume         = "C73",
  pages          = "2261",
  doi            = "10.1140/epjc/s10052-012-2261-1",
  year           = "2013",
  eprint         = "1207.5644",
  archivePrefix  = "arXiv",
  primaryClass   = "hep-ex",
  reportNumber   = "CERN-PH-EP-2012-165",
  SLACcitation   = "%%CITATION = ARXIV:1207.5644;%%",
}

@article{Aad:2014zka,
  author         = "{ATLAS Collaboration}",
  title          = "{Measurements of Normalized Differential Cross Sections for
                     $t\bar{t}$ Production in $pp$ Collisions at $\sqrt{s}=7$
                     TeV Using the ATLAS Detector}",
  collaboration  = "ATLAS",
  journal        = "Phys. Rev.",
  number         = "7",
  volume         = "D90",
  pages          = "072004",
  doi            = "10.1103/PhysRevD.90.072004",
  year           = "2014",
  eprint         = "1407.0371",
  archivePrefix  = "arXiv",
  primaryClass   = "hep-ex",
  reportNumber   = "CERN-PH-EP-2014-099",
  SLACcitation   = "%%CITATION = ARXIV:1407.0371;%%",
}


%% -----------------------------------------------------------------------------
%% Not Used in Thesis
%% -----------------------------------------------------------------------------

